{
   "table":"trade",
   "action":"insert",
   "data":[
      {
         "timestamp":"2023-08-08T12:06:39.165Z",
         "symbol":"XBTUSD",
         "side":"Sell",
         "size":500,
         "price":29374.5,
         "tickDirection":"PlusTick",
         "trdMatchID":"6badd39b-bba6-f112-116c-c0ac1b996fe5",
         "grossValue":1702155,
         "homeNotional":0.01702155,
         "foreignNotional":500.0,
         "trdType":"Regular"
      },
      {
         "timestamp":"2023-08-08T12:06:39.165Z",
         "symbol":"XBTUSD",
         "side":"Sell",
         "size":100,
         "price":29374.5,
         "tickDirection":"ZeroPlusTick",
         "trdMatchID":"1e58f9eb-6de7-8d5a-4338-f2f88026566e",
         "grossValue":340431,
         "homeNotional":0.00340431,
         "foreignNotional":100.0,
         "trdType":"Regular"
      },
      {
         "timestamp":"2023-08-08T12:06:39.165Z",
         "symbol":"XBTUSD",
         "side":"Sell",
         "size":600,
         "price":29374.5,
         "tickDirection":"ZeroPlusTick",
         "trdMatchID":"7417b42d-d316-123d-61da-2a4694caad89",
         "grossValue":2042586,
         "homeNotional":0.02042586,
         "foreignNotional":600.0,
         "trdType":"Regular"
      },
      {
         "timestamp":"2023-08-08T12:06:39.165Z",
         "symbol":"XBTUSD",
         "side":"Sell",
         "size":200,
         "price":29374.5,
         "tickDirection":"ZeroPlusTick",
         "trdMatchID":"3a0289ef-c4c5-da9c-dc65-897c1133ac7c",
         "grossValue":680862,
         "homeNotional":0.00680862,
         "foreignNotional":200.0,
         "trdType":"Regular"
      },
      {
         "timestamp":"2023-08-08T12:06:39.165Z",
         "symbol":"XBTUSD",
         "side":"Sell",
         "size":1200,
         "price":29374.5,
         "tickDirection":"ZeroPlusTick",
         "trdMatchID":"4ab7cc28-2691-00c2-37f2-03a90de3aa6f",
         "grossValue":4085172,
         "homeNotional":0.04085172,
         "foreignNotional":1200.0,
         "trdType":"Regular"
      },
      {
         "timestamp":"2023-08-08T12:06:39.165Z",
         "symbol":"XBTUSD",
         "side":"Sell",
         "size":500,
         "price":29374.5,
         "tickDirection":"ZeroPlusTick",
         "trdMatchID":"96c411cc-3cb1-f681-be00-03210e608b83",
         "grossValue":1702155,
         "homeNotional":0.01702155,
         "foreignNotional":500.0,
         "trdType":"Regular"
      },
      {
         "timestamp":"2023-08-08T12:06:39.165Z",
         "symbol":"XBTUSD",
         "side":"Sell",
         "size":24600,
         "price":29374.5,
         "tickDirection":"ZeroPlusTick",
         "trdMatchID":"94d8a236-a140-a6d2-cc73-e7e480099249",
         "grossValue":83746026,
         "homeNotional":0.83746026,
         "foreignNotional":24600.0,
         "trdType":"Regular"
      },
      {
         "timestamp":"2023-08-08T12:06:39.165Z",
         "symbol":"XBTUSD",
         "side":"Sell",
         "size":900,
         "price":29374.5,
         "tickDirection":"ZeroPlusTick",
         "trdMatchID":"ce1702ce-fcc6-52c8-491d-d7bd77532f3e",
         "grossValue":3063879,
         "homeNotional":0.03063879,
         "foreignNotional":900.0,
         "trdType":"Regular"
      },
      {
         "timestamp":"2023-08-08T12:06:39.165Z",
         "symbol":"XBTUSD",
         "side":"Sell",
         "size":2100,
         "price":29374.5,
         "tickDirection":"ZeroPlusTick",
         "trdMatchID":"3ba75e5c-5c7b-a2e5-aee2-8c83418cf535",
         "grossValue":7149051,
         "homeNotional":0.07149051,
         "foreignNotional":2100.0,
         "trdType":"Regular"
      },
      {
         "timestamp":"2023-08-08T12:06:39.165Z",
         "symbol":"XBTUSD",
         "side":"Sell",
         "size":1300,
         "price":29374.5,
         "tickDirection":"ZeroPlusTick",
         "trdMatchID":"92d8b23b-25c0-72ba-0b65-6eba36ca4ac0",
         "grossValue":4425603,
         "homeNotional":0.04425603,
         "foreignNotional":1300.0,
         "trdType":"Regular"
      },
      {
         "timestamp":"2023-08-08T12:06:39.165Z",
         "symbol":"XBTUSD",
         "side":"Sell",
         "size":200,
         "price":29374.5,
         "tickDirection":"ZeroPlusTick",
         "trdMatchID":"a01084e7-8a29-9ca1-b1bb-958bb818476b",
         "grossValue":680862,
         "homeNotional":0.00680862,
         "foreignNotional":200.0,
         "trdType":"Regular"
      },
      {
         "timestamp":"2023-08-08T12:06:39.165Z",
         "symbol":"XBTUSD",
         "side":"Sell",
         "size":2100,
         "price":29374.5,
         "tickDirection":"ZeroPlusTick",
         "trdMatchID":"0d3ddc3e-daa8-c0c4-e470-35d6a0cdb91a",
         "grossValue":7149051,
         "homeNotional":0.07149051,
         "foreignNotional":2100.0,
         "trdType":"Regular"
      },
      {
              "timestamp":"2023-08-08T12:11:02.146Z",
              "symbol":"XBTUSD",
              "side":"Sell",
              "size":1000,
              "price":29372.0,
              "tickDirection":"MinusTick",
              "trdMatchID":"52532e62-3191-7a67-32dc-6c4880a3abae",
              "grossValue":3404600,
              "homeNotional":0.034046,
              "foreignNotional":1000.0,
              "trdType":"Regular"
           },
           {
              "timestamp":"2023-08-08T12:11:02.146Z",
              "symbol":"XBTUSD",
              "side":"Sell",
              "size":300,
              "price":29372.0,
              "tickDirection":"ZeroMinusTick",
              "trdMatchID":"7a54fdfc-08ef-4c76-b3f9-e2d3963b6d4a",
              "grossValue":1021380,
              "homeNotional":0.0102138,
              "foreignNotional":300.0,
              "trdType":"Regular"
           },
           {
              "timestamp":"2023-08-08T12:11:02.146Z",
              "symbol":"XBTUSD",
              "side":"Sell",
              "size":500,
              "price":29372.0,
              "tickDirection":"ZeroMinusTick",
              "trdMatchID":"75e73b4e-ed62-2f70-a2f7-689fcbc9f020",
              "grossValue":1702300,
              "homeNotional":0.017023,
              "foreignNotional":500.0,
              "trdType":"Regular"
           },
           {
              "timestamp":"2023-08-08T12:11:02.146Z",
              "symbol":"XBTUSD",
              "side":"Sell",
              "size":100,
              "price":29372.0,
              "tickDirection":"ZeroMinusTick",
              "trdMatchID":"73d55cdc-5c5d-5034-608f-1ef1a427d0e2",
              "grossValue":340460,
              "homeNotional":0.0034046,
              "foreignNotional":100.0,
              "trdType":"Regular"
           },
           {
              "timestamp":"2023-08-08T12:11:02.146Z",
              "symbol":"XBTUSD",
              "side":"Sell",
              "size":500,
              "price":29372.0,
              "tickDirection":"ZeroMinusTick",
              "trdMatchID":"a162538f-33e3-fdf8-060d-9ec047f4426d",
              "grossValue":1702300,
              "homeNotional":0.017023,
              "foreignNotional":500.0,
              "trdType":"Regular"
           }
   ]
}
