{
   "table":"orderBookL2",
   "action":"partial",
   "keys":[
      "symbol",
      "id",
      "side"
   ],
   "types":{
      "symbol":"symbol",
      "id":"long",
      "side":"symbol",
      "size":"long",
      "price":"float",
      "timestamp":"timestamp"
   },
   "filter":{
      "symbol":"XBTUSD"
   },
   "data":[
      {
         "symbol":"XBTUSD",
         "id":8701000000,
         "side":"Sell",
         "size":2000000,
         "price":1000000.0,
         "timestamp":"2023-08-08T20:22:51.498Z"
      },
      {
         "symbol":"XBTUSD",
         "id":8706000000,
         "side":"Sell",
         "size":3000000,
         "price":950000.0,
         "timestamp":"2023-08-08T20:22:51.498Z"
      },
      {
         "symbol":"XBTUSD",
         "id":8726000000,
         "side":"Sell",
         "size":1500000,
         "price":750000.0,
         "timestamp":"2023-08-08T20:22:51.498Z"
      },
      {
         "symbol":"XBTUSD",
         "id":8734748000,
         "side":"Sell",
         "size":10000,
         "price":662520.0,
         "timestamp":"2023-08-08T20:22:51.498Z"
      },
      {
         "symbol":"XBTUSD",
         "id":8735110000,
         "side":"Sell",
         "size":20000,
         "price":658900.0,
         "timestamp":"2023-08-08T20:22:51.498Z"
      },
      {
         "symbol":"XBTUSD",
         "id":8735230000,
         "side":"Sell",
         "size":10000,
         "price":657700.0,
         "timestamp":"2023-08-08T20:22:51.498Z"
      },
      {
         "symbol":"XBTUSD",
         "id":8746000000,
         "side":"Sell",
         "size":1500000,
         "price":550000.0,
         "timestamp":"2023-08-08T20:22:51.498Z"
      },
      {
         "symbol":"XBTUSD",
         "id":8751000000,
         "side":"Sell",
         "size":100,
         "price":500000.0,
         "timestamp":"2023-08-08T20:22:51.498Z"
      },
      {
         "symbol":"XBTUSD",
         "id":8752189600,
         "side":"Sell",
         "size":100,
         "price":488104.0,
         "timestamp":"2023-08-08T20:22:51.498Z"
      },
      {
         "symbol":"XBTUSD",
         "id":8756000000,
         "side":"Sell",
         "size":1000000,
         "price":450000.0,
         "timestamp":"2023-08-08T20:22:51.498Z"
      },
      {
         "symbol":"XBTUSD",
         "id":8761660000,
         "side":"Sell",
         "size":100,
         "price":393400.0,
         "timestamp":"2023-08-08T20:22:51.498Z"
      },
      {
         "symbol":"XBTUSD",
         "id":8765849950,
         "side":"Sell",
         "size":1000,
         "price":351500.5,
         "timestamp":"2023-08-08T20:22:51.498Z"
      },
      {
         "symbol":"XBTUSD",
         "id":8766000000,
         "side":"Sell",
         "size":1000000,
         "price":350000.0,
         "timestamp":"2023-08-08T20:22:51.498Z"
      },
      {
         "symbol":"XBTUSD",
         "id":8767633000,
         "side":"Sell",
         "size":100,
         "price":333670.0,
         "timestamp":"2023-08-08T20:22:51.498Z"
      },
      {
         "symbol":"XBTUSD",
         "id":8768897000,
         "side":"Sell",
         "size":1000,
         "price":321030.0,
         "timestamp":"2023-08-08T20:22:51.498Z"
      },
      {
         "symbol":"XBTUSD",
         "id":8770994500,
         "side":"Sell",
         "size":10000,
         "price":300055.0,
         "timestamp":"2023-08-08T20:22:51.498Z"
      },
      {
         "symbol":"XBTUSD",
         "id":8772128650,
         "side":"Sell",
         "size":200,
         "price":288713.5,
         "timestamp":"2023-08-08T20:22:51.498Z"
      },
      {
         "symbol":"XBTUSD",
         "id":8772357200,
         "side":"Sell",
         "size":2100,
         "price":286428.0,
         "timestamp":"2023-08-08T20:22:51.498Z"
      },
      {
         "symbol":"XBTUSD",
         "id":8773312100,
         "side":"Sell",
         "size":500,
         "price":276879.0,
         "timestamp":"2023-08-08T20:22:51.498Z"
      },
      {
         "symbol":"XBTUSD",
         "id":8773630000,
         "side":"Sell",
         "size":73000,
         "price":273700.0,
         "timestamp":"2023-08-08T20:22:51.498Z"
      },
      {
         "symbol":"XBTUSD",
         "id":8774000000,
         "side":"Sell",
         "size":1000000,
         "price":270000.0,
         "timestamp":"2023-08-08T20:22:51.498Z"
      },
      {
         "symbol":"XBTUSD",
         "id":8777634650,
         "side":"Sell",
         "size":100,
         "price":233653.5,
         "timestamp":"2023-08-08T20:22:51.498Z"
      },
      {
         "symbol":"XBTUSD",
         "id":8781000000,
         "side":"Sell",
         "size":24200,
         "price":200000.0,
         "timestamp":"2023-08-08T20:22:51.498Z"
      },
      {
         "symbol":"XBTUSD",
         "id":8782082500,
         "side":"Sell",
         "size":10000,
         "price":189175.0,
         "timestamp":"2023-08-08T20:22:51.498Z"
      },
      {
         "symbol":"XBTUSD",
         "id":8783000000,
         "side":"Sell",
         "size":100,
         "price":180000.0,
         "timestamp":"2023-08-08T20:22:51.498Z"
      },
      {
         "symbol":"XBTUSD",
         "id":8783100000,
         "side":"Sell",
         "size":100,
         "price":179000.0,
         "timestamp":"2023-08-08T20:22:51.498Z"
      },
      {
         "symbol":"XBTUSD",
         "id":8783200000,
         "side":"Sell",
         "size":100,
         "price":178000.0,
         "timestamp":"2023-08-08T20:22:51.498Z"
      },
      {
         "symbol":"XBTUSD",
         "id":8783299950,
         "side":"Sell",
         "size":100,
         "price":177000.5,
         "timestamp":"2023-08-08T20:22:51.498Z"
      },
      {
         "symbol":"XBTUSD",
         "id":8783399950,
         "side":"Sell",
         "size":100,
         "price":176000.5,
         "timestamp":"2023-08-08T20:22:51.498Z"
      },
      {
         "symbol":"XBTUSD",
         "id":8783499950,
         "side":"Sell",
         "size":100,
         "price":175000.5,
         "timestamp":"2023-08-08T20:22:51.498Z"
      },
      {
         "symbol":"XBTUSD",
         "id":8783599950,
         "side":"Sell",
         "size":100,
         "price":174000.5,
         "timestamp":"2023-08-08T20:22:51.498Z"
      },
      {
         "symbol":"XBTUSD",
         "id":8783699950,
         "side":"Sell",
         "size":100,
         "price":173000.5,
         "timestamp":"2023-08-08T20:22:51.498Z"
      },
      {
         "symbol":"XBTUSD",
         "id":8783800000,
         "side":"Sell",
         "size":100,
         "price":172000.0,
         "timestamp":"2023-08-08T20:22:51.498Z"
      },
      {
         "symbol":"XBTUSD",
         "id":8783899950,
         "side":"Sell",
         "size":100,
         "price":171000.5,
         "timestamp":"2023-08-08T20:22:51.498Z"
      },
      {
         "symbol":"XBTUSD",
         "id":8784000000,
         "side":"Sell",
         "size":100,
         "price":170000.0,
         "timestamp":"2023-08-08T20:22:51.498Z"
      },
      {
         "symbol":"XBTUSD",
         "id":8784099950,
         "side":"Sell",
         "size":100,
         "price":169000.5,
         "timestamp":"2023-08-08T20:22:51.498Z"
      },
      {
         "symbol":"XBTUSD",
         "id":8784199950,
         "side":"Sell",
         "size":100,
         "price":168000.5,
         "timestamp":"2023-08-08T20:22:51.498Z"
      },
      {
         "symbol":"XBTUSD",
         "id":8784299950,
         "side":"Sell",
         "size":100,
         "price":167000.5,
         "timestamp":"2023-08-08T20:22:51.498Z"
      },
      {
         "symbol":"XBTUSD",
         "id":8784399950,
         "side":"Sell",
         "size":100,
         "price":166000.5,
         "timestamp":"2023-08-08T20:22:51.498Z"
      },
      {
         "symbol":"XBTUSD",
         "id":8784433000,
         "side":"Sell",
         "size":100,
         "price":165670.0,
         "timestamp":"2023-08-08T20:22:51.498Z"
      },
      {
         "symbol":"XBTUSD",
         "id":8784500000,
         "side":"Sell",
         "size":100,
         "price":165000.0,
         "timestamp":"2023-08-08T20:22:51.498Z"
      },
      {
         "symbol":"XBTUSD",
         "id":8784600000,
         "side":"Sell",
         "size":100,
         "price":164000.0,
         "timestamp":"2023-08-08T20:22:51.498Z"
      },
      {
         "symbol":"XBTUSD",
         "id":8784699950,
         "side":"Sell",
         "size":100,
         "price":163000.5,
         "timestamp":"2023-08-08T20:22:51.498Z"
      },
      {
         "symbol":"XBTUSD",
         "id":8784799950,
         "side":"Sell",
         "size":100,
         "price":162000.5,
         "timestamp":"2023-08-08T20:22:51.498Z"
      },
      {
         "symbol":"XBTUSD",
         "id":8784899950,
         "side":"Sell",
         "size":100,
         "price":161000.5,
         "timestamp":"2023-08-08T20:22:51.498Z"
      },
      {
         "symbol":"XBTUSD",
         "id":8785000000,
         "side":"Sell",
         "size":100,
         "price":160000.0,
         "timestamp":"2023-08-08T20:22:51.498Z"
      },
      {
         "symbol":"XBTUSD",
         "id":8785099950,
         "side":"Sell",
         "size":100,
         "price":159000.5,
         "timestamp":"2023-08-08T20:22:51.498Z"
      },
      {
         "symbol":"XBTUSD",
         "id":8785200000,
         "side":"Sell",
         "size":100,
         "price":158000.0,
         "timestamp":"2023-08-08T20:22:51.498Z"
      },
      {
         "symbol":"XBTUSD",
         "id":8785300000,
         "side":"Sell",
         "size":100,
         "price":157000.0,
         "timestamp":"2023-08-08T20:22:51.498Z"
      },
      {
         "symbol":"XBTUSD",
         "id":8785399950,
         "side":"Sell",
         "size":100,
         "price":156000.5,
         "timestamp":"2023-08-08T20:22:51.498Z"
      },
      {
         "symbol":"XBTUSD",
         "id":8785499950,
         "side":"Sell",
         "size":100,
         "price":155000.5,
         "timestamp":"2023-08-08T20:22:51.498Z"
      },
      {
         "symbol":"XBTUSD",
         "id":8785599950,
         "side":"Sell",
         "size":100,
         "price":154000.5,
         "timestamp":"2023-08-08T20:22:51.498Z"
      },
      {
         "symbol":"XBTUSD",
         "id":8785699950,
         "side":"Sell",
         "size":100,
         "price":153000.5,
         "timestamp":"2023-08-08T20:22:51.498Z"
      },
      {
         "symbol":"XBTUSD",
         "id":8785800000,
         "side":"Sell",
         "size":100,
         "price":152000.0,
         "timestamp":"2023-08-08T20:22:51.498Z"
      },
      {
         "symbol":"XBTUSD",
         "id":8785900000,
         "side":"Sell",
         "size":100,
         "price":151000.0,
         "timestamp":"2023-08-08T20:22:51.498Z"
      },
      {
         "symbol":"XBTUSD",
         "id":8786000000,
         "side":"Sell",
         "size":100,
         "price":150000.0,
         "timestamp":"2023-08-08T20:22:51.498Z"
      },
      {
         "symbol":"XBTUSD",
         "id":8786000100,
         "side":"Sell",
         "size":3200,
         "price":149999.0,
         "timestamp":"2023-08-08T20:22:51.498Z"
      },
      {
         "symbol":"XBTUSD",
         "id":8786100000,
         "side":"Sell",
         "size":100,
         "price":149000.0,
         "timestamp":"2023-08-08T20:22:51.498Z"
      },
      {
         "symbol":"XBTUSD",
         "id":8786200000,
         "side":"Sell",
         "size":100,
         "price":148000.0,
         "timestamp":"2023-08-08T20:22:51.498Z"
      },
      {
         "symbol":"XBTUSD",
         "id":8786300000,
         "side":"Sell",
         "size":100,
         "price":147000.0,
         "timestamp":"2023-08-08T20:22:51.498Z"
      },
      {
         "symbol":"XBTUSD",
         "id":8786400000,
         "side":"Sell",
         "size":100,
         "price":146000.0,
         "timestamp":"2023-08-08T20:22:51.498Z"
      },
      {
         "symbol":"XBTUSD",
         "id":8786500000,
         "side":"Sell",
         "size":100,
         "price":145000.0,
         "timestamp":"2023-08-08T20:22:51.498Z"
      },
      {
         "symbol":"XBTUSD",
         "id":8786600000,
         "side":"Sell",
         "size":100,
         "price":144000.0,
         "timestamp":"2023-08-08T20:22:51.498Z"
      },
      {
         "symbol":"XBTUSD",
         "id":8786700000,
         "side":"Sell",
         "size":100,
         "price":143000.0,
         "timestamp":"2023-08-08T20:22:51.498Z"
      },
      {
         "symbol":"XBTUSD",
         "id":8786800000,
         "side":"Sell",
         "size":100,
         "price":142000.0,
         "timestamp":"2023-08-08T20:22:51.498Z"
      },
      {
         "symbol":"XBTUSD",
         "id":8786900000,
         "side":"Sell",
         "size":100,
         "price":141000.0,
         "timestamp":"2023-08-08T20:22:51.498Z"
      },
      {
         "symbol":"XBTUSD",
         "id":8787000000,
         "side":"Sell",
         "size":100,
         "price":140000.0,
         "timestamp":"2023-08-08T20:22:51.498Z"
      },
      {
         "symbol":"XBTUSD",
         "id":8787099950,
         "side":"Sell",
         "size":100,
         "price":139000.5,
         "timestamp":"2023-08-08T20:22:51.498Z"
      },
      {
         "symbol":"XBTUSD",
         "id":8787200000,
         "side":"Sell",
         "size":100,
         "price":138000.0,
         "timestamp":"2023-08-08T20:22:51.498Z"
      },
      {
         "symbol":"XBTUSD",
         "id":8787299950,
         "side":"Sell",
         "size":100,
         "price":137000.5,
         "timestamp":"2023-08-08T20:22:51.498Z"
      },
      {
         "symbol":"XBTUSD",
         "id":8787399950,
         "side":"Sell",
         "size":100,
         "price":136000.5,
         "timestamp":"2023-08-08T20:22:51.498Z"
      },
      {
         "symbol":"XBTUSD",
         "id":8787499950,
         "side":"Sell",
         "size":100,
         "price":135000.5,
         "timestamp":"2023-08-08T20:22:51.498Z"
      },
      {
         "symbol":"XBTUSD",
         "id":8787600000,
         "side":"Sell",
         "size":100,
         "price":134000.0,
         "timestamp":"2023-08-08T20:22:51.498Z"
      },
      {
         "symbol":"XBTUSD",
         "id":8787700000,
         "side":"Sell",
         "size":100,
         "price":133000.0,
         "timestamp":"2023-08-08T20:22:51.498Z"
      },
      {
         "symbol":"XBTUSD",
         "id":8787800000,
         "side":"Sell",
         "size":100,
         "price":132000.0,
         "timestamp":"2023-08-08T20:22:51.498Z"
      },
      {
         "symbol":"XBTUSD",
         "id":8787900000,
         "side":"Sell",
         "size":100,
         "price":131000.0,
         "timestamp":"2023-08-08T20:22:51.498Z"
      },
      {
         "symbol":"XBTUSD",
         "id":8787999950,
         "side":"Sell",
         "size":100,
         "price":130000.5,
         "timestamp":"2023-08-08T20:22:51.498Z"
      },
      {
         "symbol":"XBTUSD",
         "id":8788099950,
         "side":"Sell",
         "size":100,
         "price":129000.5,
         "timestamp":"2023-08-08T20:22:51.498Z"
      },
      {
         "symbol":"XBTUSD",
         "id":8788199950,
         "side":"Sell",
         "size":100,
         "price":128000.5,
         "timestamp":"2023-08-08T20:22:51.498Z"
      },
      {
         "symbol":"XBTUSD",
         "id":8788300000,
         "side":"Sell",
         "size":100,
         "price":127000.0,
         "timestamp":"2023-08-08T20:22:51.498Z"
      },
      {
         "symbol":"XBTUSD",
         "id":8788400000,
         "side":"Sell",
         "size":100,
         "price":126000.0,
         "timestamp":"2023-08-08T20:22:51.498Z"
      },
      {
         "symbol":"XBTUSD",
         "id":8788500000,
         "side":"Sell",
         "size":100,
         "price":125000.0,
         "timestamp":"2023-08-08T20:22:51.498Z"
      },
      {
         "symbol":"XBTUSD",
         "id":8788600000,
         "side":"Sell",
         "size":100,
         "price":124000.0,
         "timestamp":"2023-08-08T20:22:51.498Z"
      },
      {
         "symbol":"XBTUSD",
         "id":8788700000,
         "side":"Sell",
         "size":100,
         "price":123000.0,
         "timestamp":"2023-08-08T20:22:51.498Z"
      },
      {
         "symbol":"XBTUSD",
         "id":8788800000,
         "side":"Sell",
         "size":100,
         "price":122000.0,
         "timestamp":"2023-08-08T20:22:51.498Z"
      },
      {
         "symbol":"XBTUSD",
         "id":8788900000,
         "side":"Sell",
         "size":100,
         "price":121000.0,
         "timestamp":"2023-08-08T20:22:51.498Z"
      },
      {
         "symbol":"XBTUSD",
         "id":8789000000,
         "side":"Sell",
         "size":420100,
         "price":120000.0,
         "timestamp":"2023-08-08T20:22:51.498Z"
      },
      {
         "symbol":"XBTUSD",
         "id":8789020000,
         "side":"Sell",
         "size":200,
         "price":119800.0,
         "timestamp":"2023-08-08T20:22:51.498Z"
      },
      {
         "symbol":"XBTUSD",
         "id":8789081000,
         "side":"Sell",
         "size":1000,
         "price":119190.0,
         "timestamp":"2023-08-08T20:22:51.498Z"
      },
      {
         "symbol":"XBTUSD",
         "id":8789175000,
         "side":"Sell",
         "size":14000,
         "price":118250.0,
         "timestamp":"2023-08-08T20:22:51.498Z"
      },
      {
         "symbol":"XBTUSD",
         "id":8790272250,
         "side":"Sell",
         "size":2000,
         "price":107277.5,
         "timestamp":"2023-08-08T20:22:51.498Z"
      },
      {
         "symbol":"XBTUSD",
         "id":8790918600,
         "side":"Sell",
         "size":1000,
         "price":100814.0,
         "timestamp":"2023-08-08T20:22:51.498Z"
      },
      {
         "symbol":"XBTUSD",
         "id":8798004050,
         "side":"Buy",
         "size":500,
         "price":29959.5,
         "timestamp":"2023-08-08T20:22:51.498Z"
      },
      {
         "symbol":"XBTUSD",
         "id":8798004100,
         "side":"Buy",
         "size":163700,
         "price":29959.0,
         "timestamp":"2023-08-08T20:22:51.498Z"
      },
      {
         "symbol":"XBTUSD",
         "id":8798004150,
         "side":"Buy",
         "size":141700,
         "price":29958.5,
         "timestamp":"2023-08-08T20:22:51.498Z"
      },
      {
         "symbol":"XBTUSD",
         "id":8798004200,
         "side":"Buy",
         "size":85100,
         "price":29958.0,
         "timestamp":"2023-08-08T20:22:51.498Z"
      },
      {
         "symbol":"XBTUSD",
         "id":8798004250,
         "side":"Buy",
         "size":5300,
         "price":29957.5,
         "timestamp":"2023-08-08T20:22:51.498Z"
      },
      {
         "symbol":"XBTUSD",
         "id":8798004300,
         "side":"Buy",
         "size":37600,
         "price":29957.0,
         "timestamp":"2023-08-08T20:22:51.498Z"
      },
      {
         "symbol":"XBTUSD",
         "id":8798004350,
         "side":"Buy",
         "size":112200,
         "price":29956.5,
         "timestamp":"2023-08-08T20:22:51.498Z"
      },
      {
         "symbol":"XBTUSD",
         "id":8798004400,
         "side":"Buy",
         "size":68400,
         "price":29956.0,
         "timestamp":"2023-08-08T20:22:51.498Z"
      },
      {
         "symbol":"XBTUSD",
         "id":8798004450,
         "side":"Buy",
         "size":67900,
         "price":29955.5,
         "timestamp":"2023-08-08T20:22:51.498Z"
      },
      {
         "symbol":"XBTUSD",
         "id":8798005450,
         "side":"Buy",
         "size":55200,
         "price":29945.5,
         "timestamp":"2023-08-08T20:22:51.498Z"
      },
      {
         "symbol":"XBTUSD",
         "id":8798005500,
         "side":"Buy",
         "size":494800,
         "price":29945.0,
         "timestamp":"2023-08-08T20:22:51.498Z"
      },
      {
         "symbol":"XBTUSD",
         "id":8798005550,
         "side":"Buy",
         "size":55000,
         "price":29944.5,
         "timestamp":"2023-08-08T20:22:51.498Z"
      },
      {
         "symbol":"XBTUSD",
         "id":8798005600,
         "side":"Buy",
         "size":1500,
         "price":29944.0,
         "timestamp":"2023-08-08T20:22:51.498Z"
      },
      {
         "symbol":"XBTUSD",
         "id":8798005700,
         "side":"Buy",
         "size":355600,
         "price":29943.0,
         "timestamp":"2023-08-08T20:22:51.498Z"
      },
      {
         "symbol":"XBTUSD",
         "id":8798005750,
         "side":"Buy",
         "size":592200,
         "price":29942.5,
         "timestamp":"2023-08-08T20:22:51.498Z"
      },
      {
         "symbol":"XBTUSD",
         "id":8798005800,
         "side":"Buy",
         "size":70000,
         "price":29942.0,
         "timestamp":"2023-08-08T20:22:51.498Z"
      },
      {
         "symbol":"XBTUSD",
         "id":8798005950,
         "side":"Buy",
         "size":1500,
         "price":29940.5,
         "timestamp":"2023-08-08T20:22:51.498Z"
      },
      {
         "symbol":"XBTUSD",
         "id":8798006000,
         "side":"Buy",
         "size":34600,
         "price":29940.0,
         "timestamp":"2023-08-08T20:22:51.498Z"
      },
      {
         "symbol":"XBTUSD",
         "id":8798006050,
         "side":"Buy",
         "size":76500,
         "price":29939.5,
         "timestamp":"2023-08-08T20:22:51.498Z"
      },
      {
         "symbol":"XBTUSD",
         "id":8798006150,
         "side":"Buy",
         "size":220100,
         "price":29938.5,
         "timestamp":"2023-08-08T20:22:51.498Z"
      },
      {
         "symbol":"XBTUSD",
         "id":8798173550,
         "side":"Buy",
         "size":1000,
         "price":28264.5,
         "timestamp":"2023-08-08T20:22:51.498Z"
      },
      {
         "symbol":"XBTUSD",
         "id":8798173600,
         "side":"Buy",
         "size":3000,
         "price":28264.0,
         "timestamp":"2023-08-08T20:22:51.498Z"
      },
      {
         "symbol":"XBTUSD",
         "id":8798173900,
         "side":"Buy",
         "size":100000,
         "price":28261.0,
         "timestamp":"2023-08-08T20:22:51.498Z"
      }
   ]
}